@article{residual,
author = {He, Kaiming and Zhang, Xiangyu and Ren, Shaoqing and Sun, Jian},
year = {2015},
month = {12},
pages = {},
title = {Deep Residual Learning for Image Recognition},
volume = {7}
}
@article{cifar10,
title= {CIFAR-10 (Canadian Institute for Advanced Research)},
author= {Alex Krizhevsky and Vinod Nair and Geoffrey Hinton},
url= {http://www.cs.toronto.edu/~kriz/cifar.html}
}
@book{deeplearning,
title= {Deep Learning},
author= {Ian Goodfellow and Yoshua Bengio and Aaron Courville}
}
@misc{vgg,
    title={Very Deep Convolutional Networks for Large-Scale Image Recognition},
    author={Karen Simonyan and Andrew Zisserman},
    year={2014},
    eprint={1409.1556},
    archivePrefix={arXiv},
    primaryClass={cs.CV}
}
@misc{clr,
  author = {Smith, Leslie N.},
  description = {Cyclical Learning Rates for Training Neural Networks},
  title = {Cyclical Learning Rates for Training Neural Networks},
  url = {http://arxiv.org/abs/1506.01186},
  year = 2015
}

